@BOOK{pohl:2005,
  AUTHOR    = {Klaus Pohl and Gunter Bockle and Frank van der Linden},
  TITLE     =     {Software Product Line Engineering},
  PUBLISHER =    {},
  YEAR =         {2005},
  month =        {},
}
@BOOK{clements:2002,
  AUTHOR    = {Paul Clements and Linda Northrop},
  TITLE     =     {Software Product Lines: Practices and Patternspohl},
  PUBLISHER =    {},
  YEAR =         {2002},
  month =        {},
}
@BOOK{batory:2004,
  AUTHOR    = {D. Batory and J. N. Sarvela and A. Rauschmayer},
  TITLE     =     {Scaling Step-Wise Refinement. IEEE Transactions on Software Engineering},
  PUBLISHER =    {},
  YEAR =         {2004},
  month =        {},
}
@BOOK{albahari:2010,
  AUTHOR    = {Joseph Albahari and Ben Albahari},
  TITLE     =     {C\# 4.0 in a Nutshell: The Definitive Reference},
  PUBLISHER =    {},
  YEAR =         {2010},
  month =        {},
}

@ARTICLE{wadler:1998,
  AUTHOR =       {P. Wadler and et al},
  TITLE =        {{The expression problem.Discussion on the Java-Genericity mailing list}},
  JOURNAL =      {},
  YEAR =         {1998},
}

@ARTICLE{prehofer:2001,
  AUTHOR =       {Christian Prehofer},
  TITLE =        {Feature-oriented programming: A new way of object composition},
  JOURNAL =      {},
  YEAR =         {2001},
}


@inproceedings{togersen:2004,
  author    = {Mads Torgersen},
  title     = {The Expression Problem Revisited},
  booktitle = {ECOOP},
  year      = {2004},
  pages     = {123-143},
  ee        = {http://springerlink.metapress.com/openurl.asp?genre=article{\&}issn=0302-9743{\&}volume=3086{\&}spage=123},
  crossref  = {DBLP:conf/ecoop/2004},
  bibsource = {DBLP, http://dblp.uni-trier.de}
}
@proceedings{DBLP:conf/ecoop/2004,
  editor    = {Martin Odersky},
  title     = {ECOOP 2004 - Object-Oriented Programming, 18th European
			   Conference, Oslo, Norway, June 14-18, 2004, Proceedings},
  booktitle = {ECOOP},
  publisher = {Springer},
  series    = {Lecture Notes in Computer Science},
  volume    = {3086},
  year      = {2004},
  isbn      = {3-540-22159-X},
  bibsource = {DBLP, http://dblp.uni-trier.de}
}
