@BOOK{pohl:2005,
  AUTHOR    = {Klaus Pohl and Gunter Bockle and Frank van der Linden},
  TITLE     =     {Software Product Line Engineering},
  PUBLISHER =    {},
  YEAR =         {2005},
  month =        {},
}
@BOOK{clements:2002,
  AUTHOR    = {Paul Clements and Linda Northrop},
  TITLE     =     {Software Product Lines: Practices and Patternspohl},
  PUBLISHER =    {},
  YEAR =         {2002},
  month =        {},
}
@BOOK{batory:2004,
  AUTHOR    = {D. Batory and J. N. Sarvela and A. Rauschmayer},
  TITLE     =     {Scaling Step-Wise Refinement. IEEE Transactions on Software Engineering},
  PUBLISHER =    {},
  YEAR =         {2004},
  month =        {},
}
@BOOK{albahari:2010,
  AUTHOR    = {Joseph Albahari and Ben Albahari},
  TITLE     =     {C\# 4.0 in a Nutshell: The Definitive Reference},
  PUBLISHER =    {},
  YEAR =         {2010},
  month =        {},
}
