%% Completa las referencias

@BOOK{pohl:2005,
  AUTHOR    = {Klaus Pohl and Gunter Bockle and Frank van der Linden},
  TITLE     =     {{Software Product Line Engineering}},
  PUBLISHER =    {},
  YEAR =         {2005},
  month =        {},
}
@BOOK{clements:2002,
  AUTHOR    = {Paul Clements and Linda Northrop},
  TITLE     =     {{Software Product Lines: Practices and Patternspohl}},
  PUBLISHER =    {},
  YEAR =         {2002},
  month =        {},
}
@BOOK{batory:2004,
  AUTHOR    = {D. Batory and J. N. Sarvela and A. Rauschmayer},
  TITLE     =     {{Scaling Step-Wise Refinement. IEEE Transactions on Software Engineering}},
  PUBLISHER =    {},
  YEAR =         {2004},
  month =        {},
}
@BOOK{albahari:2010,
  AUTHOR    = {Joseph Albahari and Ben Albahari},
  TITLE     =     {C\# 4.0 in a Nutshell: The Definitive Reference},
  PUBLISHER =    {},
  YEAR =         {2010},
  month =        {},
}

@ARTICLE{prehofer:2001,
  AUTHOR =       {Christian Prehofer},
  TITLE =        {Feature-oriented programming: A new way of object composition},
  JOURNAL =      {},
  YEAR =         {2001},
}


@inproceedings{togersen:2004,
  author    = {Mads Torgersen},
  title     = {{The Expression Problem Revisited}},
  booktitle = {ECOOP},
  year      = {2004},
  pages     = {123-143},
  ee        = {http://springerlink.metapress.com/openurl.asp?genre=article{\&}issn=0302-9743{\&}volume=3086{\&}spage=123},
  crossref  = {DBLP:conf/ecoop/2004},
  bibsource = {DBLP, http://dblp.uni-trier.de}
}
@proceedings{DBLP:conf/ecoop/2004,
  editor    = {Martin Odersky},
  title     = {ECOOP 2004 - Object-Oriented Programming, 18th European
			   Conference, Oslo, Norway, June 14-18, 2004, Proceedings},
  booktitle = {ECOOP},
  publisher = {Springer},
  series    = {Lecture Notes in Computer Science},
  volume    = {3086},
  year      = {2004},
  isbn      = {3-540-22159-X}
}

@inproceedings{david:1986,
  author    = {David A. Moon},
  title     = {{Object-Oriented Programming with Flavors}},
  booktitle = {OOPSLA},
  year      = {1986},
  pages     = {1-8},
  bibsource = {DBLP, http://dblp.uni-trier.de}
}

@BOOK{arnold:2005,
  AUTHOR    = {Ken Arnold and James Gosling and David Holmes},
  TITLE     =     {{Java(TM) Programming Language, The (4th Edition)}},
  PUBLISHER =    {},
  YEAR =         {2005},
  month =        {},
}

@inproceedings{laguna:2007,
  author    = {Miguel A. Laguna and
			   Bruno Gonz{\'a}lez-Baixauli and
			   Jos{\'e} M. Marqu{\'e}s},
  title     = {{Seamless development of software product lines}},
  booktitle = {GPCE},
  year      = {2007},
  pages     = {85-94},
  ee        = {http://doi.acm.org/10.1145/1289971.1289988},
  bibsource = {DBLP, http://dblp.uni-trier.de}
}


@BOOK{gomma:2007,
  title = {{Designing Software Product Lines with UML: From Use Cases to Pattern-Based
			Software Architectures}},
  publisher = {Addison-Wesley},
  year      = {2004},
  author    = {Hassan Gomaa},
  month     = {July},
}

@INCOLLECTION{ziadi:2006,
  author = {Tewfik Ziadi and Jean-Marc J{\'e}z{\'e}quel},
  title  = {{Software Product Line Engineering with the UML: Deriving  Products}},
  booktitle = {Software Product Lines - Research Issues in Engineering and Management},
  publisher = {Springer},
  year   = {2006},
  editor = {Timo K{\"a}k{\"o}l{\"a} and Juan C. Due{\~n}as},
  pages  = {557--588},
  month  = {November},
}

@article{aracic:2006,
  author    = {Ivica Aracic and
			   Vaidas Gasiunas and
			   Mira Mezini and
			   Klaus Ostermann},
  title     = {{An Overview of CaesarJ}},
  booktitle = {T. Aspect-Oriented Software Development I},
  year      = {2006},
  pages     = {135-173}
}

@BOOK{palmer:2002,
  title = {A Practical Guide to Feature-Driven Development},
  publisher = {Prentice Hall},
  year      = {2002},
  author    = {Stephen R. Palmer and John M. Felsing},
  month     = {February},
}

@BOOK{astels:2003,
  title = {Test-Driven Development: A Practical Guide},
  publisher = {Prentice Hall},
  year      = {2003},
  author    = {David Astels},
  month     = {July},
}

@BOOK{meyer:2000,
  title     = {{Object-Oriented Software Construction}},
  publisher = {Prentice Hall},
  year      = {2000},
  author    = {Bertrand Meyer},
  month     = {March},
}

@BOOK{chappell:2006,
  title = {{Understanding .NET (2nd Edition)}},
  publisher = {Addison-Wesley Professional},
  year = {2006},
  author = {David Chappell},
  month = {September},
}

@BOOK{meyer:2009,
  title = {{Touch of Class: Learning to Program Well with Objects and Contracts}},
  publisher = {Springer},
  year = {2009},
  author = {Bertrand Meyer},
  month = {September},
}

@BOOK{gamma:1994,
  title = {{Design Patterns: Elements of Reusable Object-Oriented Software}},
  publisher = {Addison-Wesley Professional},
  year = {1994},
  author = {Erich Gamma and Richard Helm and Ralph Johnson and John M. Vlissides},
  month = {November},
}

@BOOK{brown:2006,
  title = {{Windows Forms in Action: Second Edition of Windows Forms Programming with C\#}},
  publisher = {Manning Publications},
  year = {2006},
  author = {Erik Brown},
  month = {May},
}

@techreport{omg:uml:2005,
	author = {Om, G.},
	institution = {Object Management Group},
	title = {{Unified Modeling Language: Superstructure version 2.0, formal/05-07-04}},
	url = {http://www.omg.org/docs/formal/05-07-04.pdf},
	year = {2005}
}

@BOOK{wallace:2010,
  title = {{The Gantt Chart, a Working Tool of Management}},
  year = {2010},
  author = {Wallace Clark},
  month = {Jan},
}


@BOOK{kleppe:2008,
  title = {{Software Language Engineering: Creating Domain-Specific Languages Using Metamodels}},
  year = {2008},
  publisher = {Addison-Wesley Professional},
  author = {Anneke Kleppe},
  month = {December},
}

@BOOK{randolph:2010,
  title = {{Professional Visual Studio 2010 (Wrox Programmer to Programmer)}},
  year = {2010},
  author = {Nick Randolph and David Gardner and Chris Anderson and Michael Minutillo},
  month = {May},
}

@BOOK{rusty:2004,
  title = {{XML in a Nutshell: A Desktop Quick Reference (In a Nutshell (O'Reilly))}},
  publisher = {O'Reilly Media},
  year = {2004},
  author = {Elliotte Rusty Harold and W. Scott Means},
  month = {September},
}

@BOOK{jones:2011,
  title = {{Domain-Specific Development with Visual Studio DSL Tools}},
  publisher = {Addison-Wesley Professional},
  year = {2011},
  author = {Gareth Jones and Alan and Steve Cook and Stuart Kent and Cameron Wills},
  month = {April},
}
@inproceedings{czarnecki:2004,
  author    = {Krzysztof Czarnecki and
			   Simon Helsen and
			   Ulrich W. Eisenecker},
  title     = {Staged Configuration Using Feature Models},
  booktitle = {SPLC},
  year      = {2004},
  pages     = {266-283},
}

@BOOK{vogel:2010,
  title = {{Practical Code Generation in .NET: Covering Visual Studio 2005, 2008, and 2010}},
  publisher = {Addison-Wesley Professional},
  year = {2010},
  author = {Peter Vogel},
  month = {April},
}



@inproceedings{lopez:2005,
  author    = {Roberto E. Lopez-Herrejon and
			   Don S. Batory and
			   William R. Cook},
  title     = {Evaluating Support for Features in Advanced Modularization
			   Technologies},
  booktitle = {ECOOP},
  year      = {2005},
  pages     = {169-194},
}
@article{chul:2002,
  author    = {Kyo Chul Kang and
			   Jaejoon Lee and
			   Patrick Donohoe},
  title     = {Feature-Oriented Project Line Engineering},
  journal   = {IEEE Software},
  volume    = {19},
  number    = {4},
  year      = {2002},
  pages     = {58-65},
}

@inproceedings{chae:2009,
  author    = {Wonseok Chae and
			   Matthias Blume},
  title     = {Language support for feature-oriented product line engineering},
  booktitle = {FOSD},
  year      = {2009},
  pages     = {3-10},
}

@inproceedings{fons:2008,
  author    = {Carlos Cetina and
			   Joan Fons and
			   Vicente Pelechano},
  title     = {Applying Software Product Lines to Build Autonomic Pervasive
			   Systems},
  booktitle = {SPLC},
  year      = {2008},
  pages     = {117-126},
}

@inproceedings{apel:2005,
  author    = {Sven Apel and
			   Thomas Leich and
			   Marko Rosenm{\"u}ller and
			   Gunter Saake},
  title     = {{FeatureC++: On the Symbiosis of Feature-Oriented and Aspect-Oriented
			   Programming}},
  booktitle = {GPCE},
  year      = {2005},
  pages     = {125-140},
}


@INCOLLECTION{oldevik:2005,
  author = {Oldevik, Jon and Neple, Tor and Grønmo, Roy and Aagedal, Jan and Berre, Arne-J.},
  title  = {{Toward Standardised Model to Text Transformations}},
  publisher = {Springer Berlin / Heidelberg},
  year   = {2005},
  editor = {Hartman, Alan and Kreische, David},
}

@BOOK{tseng:2001,
  author = {Mitchell Tseng and Jianxin Jiao},
  title  = {Mass customization, Handbook of Industrial Engineering: Technology and Operations Management},
  publisher = {Wiley},
  year   = {2001},
}
